% This file was created with Citavi 6.18.0.1

@misc{AustinFischer.2021,
 author = {{Austin Fischer}},
 year = {2021},
 title = {Building a Rock Paper Scissors AI},
 editor = {{Medium - Towards Data Science}}
}


@misc{DeutschneNationalbibliothek.24.04.2023,
 author = {{Deutschne Nationalbibliothek}},
 year = {24.04.2023},
 title = {CSV -- COMMA-SEPARATED VALUES},
 url = {https://www.dnb.de/csv}
}


